<record xmlns='http://www.loc.gov/MARC21/slim'><leader>01579cim a22003612u 4500</leader><controlfield tag='001'>3600492</controlfield><controlfield tag='005'>20151214182611.0</controlfield><controlfield tag='007'>ss|lmnjluz|nuu</controlfield><controlfield tag='008'>991101s1987    nyunnn         l    eng d</controlfield><datafield ind1=' ' ind2=' ' tag='035'><subfield code='a'>(NIC)notisASF7557</subfield></datafield><datafield ind1=' ' ind2=' ' tag='035'><subfield code='a'>3600492</subfield></datafield><datafield ind1=' ' ind2=' ' tag='035'><subfield code='a'>(OCoLC)63896138</subfield></datafield><datafield ind1=' ' ind2=' ' tag='040'><subfield code='a'>NIC</subfield><subfield code='c'>NIC</subfield><subfield code='d'>NIC</subfield><subfield code='d'>NIC</subfield></datafield><datafield ind1='1' ind2=' ' tag='100'><subfield code='a'>Kahane, Meir.</subfield></datafield><datafield ind1='1' ind2='0' tag='245'><subfield code='a'>Meir Kahane speaks at Cornell</subfield><subfield code='h'>[sound recording]</subfield></datafield><datafield ind1=' ' ind2=' ' tag='260'><subfield code='c'>1987.</subfield></datafield><datafield ind1=' ' ind2=' ' tag='300'><subfield code='a'>2 sound cassettes (111 min.) :</subfield><subfield code='b'>analog, mono.</subfield></datafield><datafield ind1=' ' ind2=' ' tag='500'><subfield code='a'>Recorded in Ithaca, NY by Cornell University.</subfield></datafield><datafield ind1=' ' ind2=' ' tag='500'><subfield code='a'>Accompanied by: Notes.</subfield></datafield><datafield ind1=' ' ind2=' ' tag='500'><subfield code='a'>Sponsored by: Jewish Awareness Network,Cornell Political Forum.</subfield></datafield><datafield ind1=' ' ind2=' ' tag='500'><subfield code='a'>Speaker(s): Member of the Israeli Knesset.</subfield></datafield><datafield ind1=' ' ind2=' ' tag='518'><subfield code='a'>Lecture, November 9, 1987.</subfield></datafield><datafield ind1=' ' ind2=' ' tag='520'><subfield code='a'>Kahane tells stories of Jews being killed in Israel, stories which he claims are never heard in the popular press.  He speaks of a contradiction between zionism and Western democracy noting that the development of a Jewish state necessitates a locale with a majority of Jews.  This, he says, is contrary to democracy which relies on numerical superiority to define the &quot;majority&quot;.</subfield></datafield><datafield ind1=' ' ind2='0' tag='651'><subfield code='a'>Israel</subfield><subfield code='x'>Foreign relations.</subfield></datafield><datafield ind1=' ' ind2='0' tag='650'><subfield code='a'>Zionism.</subfield></datafield><datafield ind1=' ' ind2='0' tag='650'><subfield code='a'>Jews</subfield><subfield code='x'>Territorialism.</subfield></datafield><datafield ind1=' ' ind2='7' tag='650'><subfield code='a'>Diplomatic relations</subfield><subfield code='2'>fast</subfield><subfield code='0'>(OCoLC)fst01907412</subfield></datafield><datafield ind1=' ' ind2='7' tag='650'><subfield code='a'>Jews</subfield><subfield code='x'>Territorialism</subfield><subfield code='2'>fast</subfield><subfield code='0'>(OCoLC)fst00983381</subfield></datafield><datafield ind1=' ' ind2='7' tag='650'><subfield code='a'>Zionism</subfield><subfield code='2'>fast</subfield><subfield code='0'>(OCoLC)fst01184468</subfield></datafield><datafield ind1=' ' ind2='7' tag='651'><subfield code='a'>Israel</subfield><subfield code='2'>fast</subfield><subfield code='0'>(OCoLC)fst01204236</subfield></datafield><datafield ind1='1' ind2=' ' tag='899'><subfield code='a'>CULectures</subfield></datafield><datafield ind1=' ' ind2=' ' tag='905'><subfield code='a'>20000425120000.0</subfield></datafield><datafield ind1='2' ind2=' ' tag='948'><subfield code='a'>20141221</subfield><subfield code='b'>m</subfield><subfield code='d'>batch</subfield><subfield code='e'>lts</subfield><subfield code='x'>addfast</subfield></datafield></record>